@book{r1,
  title={Computer processing of remotely-sensed images: an introduction},
  author={Mather, Paul M and Koch, Magaly},
  year={2011},
  publisher={John Wiley \& Sons}
}
@article{r2,
  title={Detecting building changes between airborne laser scanning and photogrammetric data},
  author={Zhang, Zhenchao and Vosselman, George and Gerke, Markus and Persello, Claudio and Tuia, Devis and Yang, Michael Ying},
  journal={Remote sensing},
  volume={11},
  number={20},
  pages={2417},
  year={2019},
  publisher={Multidisciplinary Digital Publishing Institute}
}
@inproceedings{r3,
  title={Deep residual learning for image recognition},
  author={He, Kaiming and Zhang, Xiangyu and Ren, Shaoqing and Sun, Jian},
  booktitle={Proceedings of the IEEE conference on computer vision and pattern recognition},
  pages={770--778},
  year={2016}
}
@inproceedings{r4,
  title={Grad-cam: Visual explanations from deep networks via gradient-based localization},
  author={Selvaraju, Ramprasaath R and Cogswell, Michael and Das, Abhishek and Vedantam, Ramakrishna and Parikh, Devi and Batra, Dhruv},
  booktitle={Proceedings of the IEEE international conference on computer vision},
  pages={618--626},
  year={2017}
}